@article{Dickerson2023Noisy,
  title={Noisy Prices and Return-based Anomalies in Corporate Bonds},
  author={Dickerson, Alexander and Robotti, Cesare and Rossetti, Giulio},
  year={2023},
  month={September},
  journal={UNSW Business School Research Paper Forthcoming},
  note={Available at SSRN: https://ssrn.com/abstract=4575879},
  doi={10.2139/ssrn.4575879},
  url={https://ssrn.com/abstract=4575879}
}

@misc{OpenBondAssetPricing2023,
  title={Daily Bond Return and Credit Spread Data},
  author={OpenBondAssetPricing},
  year={2023},
  howpublished={OpenBondAssetPricing website},
  url={https://openbondassetpricing.com/},
  note={Accessed: 2024-02-01}
}

@misc{DickersonGithub2023,
  author={Dickerson, Alexander},
  title={TRACE Corporate Bond Processing},
  year={2023},
  publisher={GitHub},
  howpublished={\url{https://github.com/Alexander-M-Dickerson/TRACE-corporate-bond-processing}},
  note={Accessed: 2024-02-01}
}

